@misc{maven:site,
	author = "{Torsten Horn}",
	title = {Maven 3.3},
	year = {Abrufungsdatum: 23.03.2018},
 	note = "{\url{http://www.torsten-horn.de/techdocs/maven.htm}}"
}
